@Book{AG,
  author =       {Gianni Amisano and Carlo Giannini},
  title =        {Topics in structural {VAR} econometrics},
  publisher =    {Springer-Verlag},
  year =         {1997},
  edition =      {2nd}
}

y@article{AWM,
author = "Gabriel Fagan and Jérôme Henry and Ricardo Mestre",
title = "An area-wide model for the {E}uro area",
journal = "Economic Modelling ",
volume = 22,
number = 1,
pages = {39 -- 59},
year = 2005
}

@TechReport{Bacchiocchi11,
  author={Emanuele Bacchiocchi},
  title={{Identification in structural VAR models with different volatility regimes}},
  year=2011,
  month=Dec,
  institution={Department of Economics, Management and Quantitative Methods at Università degli Studi di Milano},
  type={Departmental Working Papers},
  url={http://ideas.repec.org/p/mil/wpdepa/2011-39.html},
  number={2011-39}
}

@article{BlanQuah1,
	author = {Blanchard, Olivier and Quah, Danny},
	title = {The Dynamic Effects of Aggregate Demand and Aggregate Supply Shocks},
	journal = {American Economic Review},
	year = 1989,
	volume = 79,
        number = 4,
	pages = {655--73}
}

@TechReport{Brug06,
  author={Ralf Brüggemann},
  title={Finite Sample Properties of Impulse Response Intervals in
                  {SVECM}s with Long-Run Identifying Restrictions},
  year=2006,
  month=Mar,
  institution={Sonderforschungsbereich 649, Humboldt University, Berlin, Germany},
  type={SFB 649 Discussion Papers}
}

@book{joha-book,
        author = {Johansen, S{\o}ren},
        title = {Maximum Likelihood Inference in Co-Integrated Vector Autoregressive Processes},
        publisher = {Oxford University Press},
        year = 1995
}

@ARTICLE{KPSW91,
AUTHOR={King, Robert G and C. I. Plosser and J. H. Stock and Watson, M.W.},
TITLE={Stochastic Trends and Economic Fluctuations},
JOURNAL={American Economic Review},
YEAR=1991,
VOLUME={81},
NUMBER={4},
PAGES={819-40},
MONTH={September},
}

@Article{ET06,
  author={Lucchetti, Riccardo},
  title={Identification Of Covariance Structures},
  journal={Econometric Theory},
  year=2006,
  volume={22},
  number={02},
  pages={235--257},
  month={April}
}

@article {FaBra96,
  author = {Fachin, Stefano and Bravetti, Luca},
  title = {Asymptotic normal and bootstrap inference in structural {VAR} analysis},
  journal = {Journal of Forecasting},
  volume = {15},
  number = {4},
  publisher = {John Wiley & Sons, Ltd.},
  issn = {1099-131X},
  doi = {10.1002/(SICI)1099-131X(199607)15:4<329::AID-FOR610>3.0.CO;2-W},
  pages = {329--341},
  keywords = {structural VAR, impulse response functions, bootstrap, Monte Carlo},
  year = {1996}
}

@Article{GoNg2001,
  author={Gonzalo, Jesus and Ng, Serena},
  title={A systematic framework for analyzing the dynamic effects of permanent and transitory shocks},
  journal={Journal of Economic Dynamics and Control},
  year=2001,
  volume={25},
  number={10},
  pages={1527--1546},
  month={October}
}

@Article{Kilian98,
  author={Lutz Kilian},
  title={Small-Sample Confidence Intervals For Impulse Response Functions},
  journal={The Review of Economics and Statistics},
  year=1998,
  volume={80},
  number={2},
  pages={218--230},
  month={May}
 }

@Article{Lut90,
  author={L\"utkepohl, Helmut},
  title={Asymptotic Distributions of Impulse Response Functions and Forecast Error Variance Decompositions of Vector Autoregressive Models},
  journal={The Review of Economics and Statistics},
  year=1990,
  volume={72},
  number={1},
  pages={116--25},
  month={February}
}

@Book{LKBook04,
  editor={L\"utkepohl, Helmut and Kr\"atzig,Markus},
  title={Applied Time Series Econometrics},
  publisher={Cambridge University Press},
  year=2004
}

@InCollection{Lut06,
  author = 	 {L\"utkepohl, Helmut},
  title = 	 {Cointegrated Structural {VAR} Analysis},
  booktitle = 	 {Modern Econometric Analysis},
  pages = 	 {73--86},
  publisher =    {Springer},
  year = 	 {2006},
  editor = 	 {Olaf H\"ubler},
  chapter = 	 {6}
}

@InCollection{Pagan95,
  author = 	 {Adrian Pagan},
  title = 	 {Three Econometric Methodologies: An Update},
  booktitle = 	 {Surveys in Econometrics},
  OPTcrossref =  {},
  OPTkey = 	 {},
  pages = 	 {30--41},
  publisher =    {Basil Blackwell},
  year = 	 {1995},
  editor = 	 {L.T. Oxley and C.J. Roberts and D.A.R. George and S.T. Sayer},
}

@article{RR-W-Zha10,
  author={Rubio-Ramirez, Juan and Waggoner, Dan and Zha, Tao},
  title={Structural Vector Autoregressions: Theory of Identification and Algorithms for Inference},
  journal={Review of Economic Studies},
  year=2010,
  volume={77},
  number={2},
  pages={665--696},
  month={04}
}

@Article{Runkle87,
  author={Runkle, David E.},
  title={Vector Autoregressions and Reality},
  journal={Journal of Business \& Economic Statistics},
  year=1987,
  volume={5},
  number={4},
  pages={437--42},
  month={October}
}

@article{sims80,
	author = {Sims, Christopher A.},
	title = {Macroeconomics and Reality},
	journal = {Econometrica},
	year = 1980,
	volume = 48,
	pages = {1-48}
}

