@Article{agresti92,
  author = 	 {Agresti, A},
  title = 	 {A Survey of Exact Inference for Contingency Tables},
  journal = 	 {Statistical Science},
  year = 	 {1992},
  volume = 	 {7},
  pages = 	 {131--153}
}

@Article{akaike74,
  author = 	 {Akaike, H.},
  title = 	 {A New Look at the Statistical Model Identification},
  journal = 	 {IEEE Transactions on Automatic Control},
  year = 	 {1974},
  volume = 	 {AC-19},
  pages = 	 {716--723}
}

@Article{anderson-hsiao81,
  author = 	 {Anderson, T. W. and Hsiao, C.},
  title = 	 {Estimation of Dynamic Models with Error Components},
  journal = 	 {Journal of the American Statistical Association},
  year = 	 {1981},
  volume = 	 {76},
  pages = 	 {598--606}
}

@Book{anderson-moore79,
  author = 	 {Anderson B. and Moore, J.},
  title = 	 {Optimal Filtering},
  publisher = 	 {Prentice-Hall},
  year = 	 {1979},
  address = 	 {Upper Saddle River, NJ}
}

@Article{andrews-monahan92,
  author = 	 {Andrews, D. W. K. and Monahan, J. C.},
  title = 	 {An Improved Heteroskedasticity and Autocorrelation 
                  Consistent Covariance Matrix Estimator},
  journal = 	 {Econometrica},
  year = 	 {1992},
  pages = 	 {953--966}
}

@Book{arrelano03,
  author = 	 {Arellano, M.},
  title = 	 {Panel Data Econometrics},
  publisher = 	 {Oxford University Press},
  year = 	 {2003},
  address = 	 {Oxford}
}

@Article{arrelano-bond91,
  author = 	 {Arellano, M. and Bond, S.},
  title = 	 {Some Tests of Specification for Panel Data: {M}onte 
                  {C}arlo Evidence and an Application to Employment
                  Equations},
  journal = 	 {The Review of Economic Studies},
  year = 	 {1991},
  volume = 	 {58},
  pages = 	 {277--297}
}

@Article{baiocchi03,
  author = 	 {Baiocchi, G. and Distaso, W.},
  title = 	 {{GRETL}: Econometric software for the {GNU} generation},
  journal = 	 {Journal of Applied Econometrics},
  year = 	 {2003},
  pages = 	 {105--110}
}

@Book{baltagi95,
  author = 	 {Baltagi, B. H.},
  title = 	 {Econometric Analysis of Panel Data},
  publisher = 	 {Wiley},
  year = 	 {1995},
  address = 	 {New York}
}

@Article{barrodale-roberts74,
  author = 	 {Barrodale, I. and Roberts, F. D. K.},
  title = 	 {Solution of an overdetermined system of equations 
                  in the $\ell_l$ norm},
  journal = 	 {Communications of the ACM},
  year = 	 {1974},
  volume = 	 {17},
  pages = 	 {319--320}
}

@Article{baxter-king99,
  author = 	 {Baxter, M. and King, R. G.},
  title = 	 {Measuring Business Cycles: Approximate Band-Pass Filters 
                  for Economic Time Series},
  journal = 	 {The Review of Economics and Statistics},
  year = 	 {1999},
  volume = 	 {81},
  number = 	 {4},
  pages = 	 {575--593}
}

@Article{beck-katz95,
  author = 	 {Beck, N. and Katz, J. N.},
  title = 	 {What to do (and not to do) with Time-Series Cross-Section Data},
  journal = 	 {The American Political Science Review},
  year = 	 {1995},
  volume = 	 {89},
  pages = 	 {634--647}
}

@Book{bkw80,
  author = 	 {Belsley, D., Kuh, E. and Welsch, R.},
  title = 	 {Regression Diagnostics},
  publisher = 	 {Wiley},
  year = 	 {1980},
  address = 	 {New York}
}

@Article{bhhh74,
  author = 	 {Berndt, E., Hall, B., Hall, R. and Hausman, J.},
  title = 	 {Estimation and Inference in Nonlinear Structural Models},
  journal = 	 {Annals of Economic and Social Measurement},
  year = 	 {1974},
  volume = 	 {3/4},
  pages = 	 {653--665}
}

@Article{blundell-bond98,
  author = 	 {Blundell, R. and Bond S.},
  title = 	 {Initial Conditions and Moment Restrictions in Dynamic 
                  Panel Data Models},
  journal = 	 {Journal of Econometrics},
  year = 	 {1998},
  volume = 	 {87},
  pages = 	 {115--143}
}

@Article{Bollerslev-Ghysels,
  author = 	 {Bollerslev, T. and Ghysels, E.},
  title = 	 {Periodic Autoregressive Conditional Heteroscedasticity},
  journal = 	 {Journal of Business and Economic Statistics},
  year = 	 {1996},
  volume = 	 {14},
  pages = 	 {139--151}
}


@Unpublished{boswijk95,
  author = 	 {Boswijk, H. Peter},
  title = 	 {Identifiability of Cointegrated Systems},
  note = 	 {Tinbergen Institute Discussion Paper 95-78},
  year = 	 {1995},
  annote = 	 {\url{http://www.ase.uva.nl/pp/bin/258fulltext.pdf}}
}

@Article{boswijk-doornik04,
  author = 	 {Boswijk, H. Peter and Doornik, Jurgen A.},
  title = 	 {Identifying, estimating and testing restricted 
                  cointegrated systems: An overview},
  journal = 	 {Statistica Neerlandica},
  year = 	 {2004},
  volume = 	 {58},
  number = 	 {4},
  pages = 	 {440--465}
}

@Book{box-jenkins76,
  author = 	 {Box, G. E. P. and Jenkins, G.},
  title = 	 {Time Series Analysis: Forecasting and Control},
  publisher = 	 {Holden-Day},
  year = 	 {1976},
  address = 	 {San Franciso}
}

@Article{box-muller58,
  author = 	 {Box, G. E. P. and Muller, M. E.},
  title = 	 {A Note on the Generation of Random Normal Deviates},
  journal = 	 {Annals of Mathematical Statistics},
  year = 	 {1958},
  volume = 	 {29},
  pages = 	 {610--611}
}

